<collection xmlns="http://www.loc.gov/MARC21/slim"><record><leader>00698nam  2200205   450</leader><controlfield tag="001">994</controlfield><controlfield tag="003">http://montalegre.opacnet.com/OPAC/default.aspx?ContentAreaControl=ShowRegHoldings.ascx&amp;RegNo=16662</controlfield><datafield tag="100" ind1=" " ind2=" "><subfield code="a">19830401d1982    m  y0pora010305  ba</subfield></datafield><datafield tag="101" ind1="1" ind2=" "><subfield code="a">por</subfield></datafield><datafield tag="102" ind1=" " ind2=" "><subfield code="a">PT</subfield></datafield><datafield tag="200" ind1="1" ind2=" "><subfield code="a">&lt;A &gt;missão e outras peças</subfield><subfield code="f">Heiner Muller</subfield><subfield code="g">org., trad. e posf. de Anabela Mendes</subfield><subfield code="g">José Castanheira</subfield></datafield><datafield tag="210" ind1=" " ind2=" "><subfield code="a">Lisboa</subfield><subfield code="c">Apáginastantas</subfield><subfield code="d">1982</subfield></datafield><datafield tag="215" ind1=" " ind2=" "><subfield code="a">118 p.</subfield><subfield code="c">il.</subfield><subfield code="d">21 cm</subfield></datafield><datafield tag="225" ind1="2" ind2=" "><subfield code="a">Teatro</subfield></datafield><datafield tag="675" ind1=" " ind2=" "><subfield code="a">821</subfield><subfield code="v">BN</subfield><subfield code="z">por</subfield></datafield><datafield tag="700" ind1=" " ind2="1"><subfield code="a">Müller</subfield><subfield code="b">Heiner</subfield><subfield code="f">1929-1995</subfield></datafield><datafield tag="702" ind1=" " ind2="1"><subfield code="a">Mendes</subfield><subfield code="b">Anabela</subfield><subfield code="4">730</subfield></datafield><datafield tag="702" ind1=" " ind2="1"><subfield code="a">Castanheira</subfield><subfield code="b">José</subfield><subfield code="4">440</subfield></datafield><datafield tag="801" ind1=" " ind2="0"><subfield code="a">PT</subfield><subfield code="b">Biblioteca Municipal de Montalegre</subfield><subfield code="g">RPC</subfield></datafield><datafield tag="856" ind1=" " ind2=" "><subfield code="u">locateMedia.asp?cod=20060705120718&amp;ext=jpg</subfield><subfield code="z">CAPA</subfield></datafield><datafield tag="909" ind1="&#9;" ind2=" "><subfield code="a">1</subfield></datafield><datafield tag="966" ind1=" " ind2=" "><subfield code="a">0009179</subfield><subfield code="l">BMM</subfield><subfield code="s">SCG 821 MUL mis</subfield></datafield></record></collection>